@book{bk:desert2011,
    author = {Annonymouse},
    title = {Desert},
    year = {2011},
    publisher = {The Anarchist Library},
    url = {https://theanarchistlibrary.org/library/anonymous-desert}
}

@book{bk:bruno2008,
    author = {Bruno Filippi}, 
    booktitle = {The Rebel’s Dark Laughter: The Writings of Bruno Filippi},
    year = 2008,
    note = {1916년에서 1918년 사이 작성된 브루노 필리피의 에세이를 모은 책이다. 2008년 울피 랜트스트라이셰르(Wolfi Landstreicher)에 의해 이탈리아어에서 영어로 번역되어 아나키스트 라이브러리를 통해 배포되었다.}
}

@inbook{ibk:bruno2008,
    author = {Bruno Filippi}, 
    booktitle = {The Rebel’s Dark Laughter: The Writings of Bruno Filippi},
    title = {The Free Art of a Free Spirit},
    year = 2008,
}

@article{atc:enzo1950,
    title={On Renzo Novatore},
    author={Enzo Martucci},
    year={1950},
    note={2011년 Anarchy in Italy(https://sites.google.com/site/anarchyinitaly/renzo-novatore/enzo-martucci-on-renzo-novatore-1)를 통해 공개되었고, 스테판 말레타(Stephen Marletta)에 의해 이탈리아어에서 영어로 번역되었다.}
}

@book{bk:alfredo1977,
    title={Armed Joy},
    author={Alfredo M. Bonanno},
    year={1977},
    note={원제는 "La gioia armata"로 1977년 이탈리아 카타니아의 에디시오니 아나키스모(Edizioni Anarchismo)에서 출간되었다. 1998년 쟝 위에(Jean Weir)에 의해 영어로 번역되어 영국 런던의 엘리펀트에디션(Elephant Editions)에서 출간되었다. 2009년 4월 8일 알파벳트레트(http://www.alphabetthreat.co.uk/)에서 책의 PDF가 공개되었고, 아나키스트 라이브러리에서 해당 자료를 플레인 텍스트로 변환해 배포중이다.}
}

@article{atcl:ap2013,
    author={Associated Press}
    title={Elderly ex-con robbed bank in hopes of getting sent back to prison},
    journal={Desert News},
    date={2013-2-12},
    url={https://www.deseret.com/2013/2/13/20448196/elderly-ex-con-robbed-bank-in-hopes-of-getting-sent-back-to-prison},
    urldate={2018-11-18}
}

@inbook{ibk:pattrice2006,
    author={Pattrice Jones},
    editor={Steven Best, Anthony J. Nocella II},
    title={Stomping with the elephants: Feminist principles for radical solidarity},
    booktitle={Igniting a Revolution: Voices in Defense of the Earth},
    date={2006-4-1},
    pages={319–334},
    publisher={AK Press}
}

@book{bk:renzo2012,
    title={Novatore: The Collected Writings of Renzo Novatore},
    author={Renzo Novatore},
    date={2012},
    publisher={Ardent Press},
}

@inbook{ibk:renzo2012,
    title={Toward the Creative Nothing},
    booktitle={Novatore: The Collected Writings of Renzo Novatore},
    author={Renzo Novatore},
    date={2012},
    publisher={Ardent Press},
    note={1924년 최초로 발행되었다.}
}

@article{atcl:francesco1910,
    author={Francesco Balilla Pratella},
    title={Manifesto of Futurist Music},
    date={1910}
}